<record><leader>00000cas a22000007a 4500</leader><controlfield tag="001">22468823</controlfield><controlfield tag="008">901004d19661969ndudn ne      0    0eng d</controlfield><controlfield tag="009">8497</controlfield><datafield ind1=" " ind2=" " tag="010"><subfield code="a">sn 90099623 </subfield></datafield><datafield ind1=" " ind2=" " tag="040"><subfield code="a">NOP</subfield><subfield code="b">eng</subfield><subfield code="c">NOP</subfield><subfield code="d">DLC</subfield></datafield><datafield ind1=" " ind2=" " tag="042"><subfield code="a">msc</subfield></datafield><datafield ind1="0" ind2="0" tag="245"><subfield code="a">Devils Lake morning journal.</subfield></datafield><datafield ind1=" " ind2=" " tag="260"><subfield code="a">Devils Lake, N.Dak. :</subfield><subfield code="b">M.R. Graham,</subfield></datafield><datafield ind1=" " ind2=" " tag="300"><subfield code="a">v. :</subfield><subfield code="b">ill. ;</subfield><subfield code="c">57 cm.</subfield></datafield><datafield ind1=" " ind2=" " tag="310"><subfield code="a">Daily (except Sunday and Monday)</subfield></datafield><datafield ind1="0" ind2=" " tag="362"><subfield code="a">Vol. 60, no. 79 (Mar. 22, 1966)-v. 63, no. 213 (Sept. 27, 1969).</subfield></datafield><datafield ind1=" " ind2=" " tag="530"><subfield code="a">Available on microfilm from the State Historical Society of North Dakota.</subfield></datafield><datafield ind1=" " ind2=" " tag="752"><subfield code="a">United States</subfield><subfield code="b">North Dakota</subfield><subfield code="c">Ramsey</subfield><subfield code="d">Devils Lake.</subfield></datafield><datafield ind1="0" ind2="0" tag="780"><subfield code="t">Devils Lake daily journal (Devils Lake, N.D. : 1906)</subfield><subfield code="w">(DLC)sn 88076521</subfield></datafield><datafield ind1="0" ind2="0" tag="785"><subfield code="t">Devils Lake daily journal (Devils Lake, N.D. : 1969)</subfield><subfield code="w">(DLC)sn 90099624</subfield><subfield code="w">(OCoLC)22468870</subfield></datafield></record>